@article{Ofodile2017AutomaticEmotion,
    title = {{Automatic Recognition of Deceptive Facial Expressions of Emotion}},
    year = {2017},
    author = {Ofodile, Ikechukwu and Kulkarni, Kaustubh and Corneanu, Ciprian Adrian and Escalera, Sergio and Baro, Xavier and Hyniewska, Sylwia and Allik, Juri and Anbarjafari, Gholamreza},
    arxivId = {1707.04061}
}

@inproceedings{ViolaRapidFeatures,
    title = {{Rapid object detection using a boosted cascade of simple features}},
    booktitle = {Proceedings of the 2001 IEEE Computer Society Conference on Computer Vision and Pattern Recognition. CVPR 2001},
    author = {Viola, P. and Jones, M.},
    isbn = {0-7695-1272-0},
    doi = {10.1109/CVPR.2001.990517},
    issn = {1063-6919},
    pmid = {7143246},
    arxivId = {arXiv:1011.1669v3}
}

@article{Corneanu2016SurveyApplications,
    title = {{Survey on RGB, 3D, Thermal, and Multimodal Approaches for Facial Expression Recognition: History, Trends, and Affect-Related Applications}},
    year = {2016},
    journal = {IEEE Transactions on Pattern Analysis and Machine Intelligence},
    author = {Corneanu, Ciprian Adrian and Sim{\'{o}}n, Marc Oliu and Cohn, Jeffrey F. and Guerrero, Sergio Escalera},
    isbn = {9781479930227},
    doi = {10.1109/TPAMI.2016.2515606},
    issn = {01628828},
    pmid = {26761193},
    arxivId = {1606.03237},
    keywords = {3D, Facial expression, RGB, affect, emotion recognition, multimodal, thermal}
}

@article{Wang2013ActionTrajectories,
    title = {{Action Recognition with Improved Trajectories}},
    year = {2013},
    author = {Wang, Heng and Schmid, Cordelia},
    pages = {3551--3558},
    publisher = {IEEE},
    url = {https://hal.inria.fr/hal-00873267v2},
    doi = {10.1109/ICCV.2013.441>}
}

@inproceedings{Hassner2015EffectiveImages,
    title = {{Effective face frontalization in unconstrained images}},
    year = {2015},
    booktitle = {Proceedings of the IEEE Computer Society Conference on Computer Vision and Pattern Recognition},
    author = {Hassner, Tal and Harel, Shai and Paz, Eran and Enbar, Roee},
    isbn = {9781467369640},
    doi = {10.1109/CVPR.2015.7299058},
    issn = {10636919},
    arxivId = {1411.7964}
}

@inproceedings{Asadi-Aghbolaghi2017ASequences,
    title = {{A Survey on Deep Learning Based Approaches for Action and Gesture Recognition in Image Sequences}},
    year = {2017},
    booktitle = {2017 12th IEEE International Conference on Automatic Face {\&} Gesture Recognition (FG 2017)},
    author = {Asadi-Aghbolaghi, Maryam and Clapes, Albert and Bellantonio, Marco and Escalante, Hugo Jair and Ponce-Lopez, Victor and Baro, Xavier and Guyon, Isabelle and Kasaei, Shohreh and Escalera, Sergio},
    isbn = {978-1-5090-4023-0},
    doi = {10.1109/FG.2017.150}
}

@inproceedings{Dalal2005HistogramsDetection,
    title = {{Histograms of oriented gradients for human detection}},
    year = {2005},
    booktitle = {Proceedings - 2005 IEEE Computer Society Conference on Computer Vision and Pattern Recognition, CVPR 2005},
    author = {Dalal, Navneet and Triggs, Bill},
    isbn = {0769523722},
    doi = {10.1109/CVPR.2005.177},
    issn = {1063-6919},
    pmid = {9230594},
    arxivId = {chao-dyn/9411012}
}

@article{VijayLakshmi2010SegmentationTechniques,
    title = {{Segmentation Algorithm for Multiple Face Detection in Color Images with Skin Tone Regions using Color Spaces and Edge Detection Techniques}},
    year = {2010},
    journal = {IEEE Signal Acquisition and Processing, 2010. ICSAP'10. International Conference on},
    author = {Vijay Lakshmi, H C and PatilKulakarni, S.},
    pages = {162--166},
    url = {https://pdfs.semanticscholar.org/6254/cd85aa1a63cb1761de8d1db30f25c8339b7d.pdf}
}

@book{Osadchy2007SynergisticModels,
    title = {{Synergistic Face Detection and Pose Estimation with Energy-Based Models}},
    year = {2007},
    author = {Osadchy, Margarita and {Le Cun. Yann} and L. Miller, Matthew},
    pages = {1197--1215},
    publisher = {The Journal of Machine Learning Research}
}

@inproceedings{Parkhi2015DeepRecognition,
    title = {{Deep Face Recognition}},
    year = {2015},
    booktitle = {Procedings of the British Machine Vision Conference 2015},
    author = {Parkhi, Omkar M. and Vedaldi, Andrea and Zisserman, Andrew},
    isbn = {1-901725-53-7},
    doi = {10.5244/C.29.41},
    issn = {00313203},
    pmid = {20847391},
    arxivId = {NIHMS150003}
}

@article{WolfFaceSimilarity,
    title = {{Face Recognition in Unconstrained Videos with Matched Background Similarity}},
    author = {Wolf, Lior and Hassner, Tal and Maoz, Itay}
}

@article{HuangLabeledEnvironments,
    title = {{Labeled Faces in the Wild: A Database for Studying Face Recognition in Unconstrained Environments}},
    author = {Huang, Gary B and Ramesh, Manu and Berg, Tamara and Learned-Miller, Erik}
}

@article{HassnerEffectiveImages,
    title = {{Effective Face Frontalization in Unconstrained Images}},
    author = {Hassner, Tal and Harel, Shai and Paz, Eran and Enbar, Roee}
}

@article{KrizhevskyImageNetNetworks,
    title = {{ImageNet Classification with Deep Convolutional Neural Networks}},
    author = {Krizhevsky, Alex and Sutskever, Ilya and Hinton, Geoffrey E}
}

@article{Feichtenhofer2016ConvolutionalRecognition,
    title = {{Convolutional Two-Stream Network Fusion for Video Action Recognition}},
    year = {2016},
    author = {Feichtenhofer, Christoph and Pinz, Axel and Zisserman, Andrew},
    isbn = {978-1-4673-8851-1},
    doi = {10.1109/CVPR.2016.213},
    issn = {10636919},
    arxivId = {1604.06573}
}

@article{Neverova2016ModDrop:Recognition,
    title = {{ModDrop: Adaptive multi-modal gesture recognition}},
    year = {2016},
    journal = {IEEE Transactions on Pattern Analysis and Machine Intelligence},
    author = {Neverova, Natalia and Wolf, Christian and Taylor, Graham and Nebout, Florian},
    isbn = {0162-8828},
    doi = {10.1109/TPAMI.2015.2461544},
    issn = {01628828},
    arxivId = {1501.00102},
    keywords = {Gesture recognition, convolutional neural networks, deep learning, multi-modal learning}
}

@article{LeCun1998Gradient-basedRecognition,
    title = {{Gradient-based learning applied to document recognition}},
    year = {1998},
    journal = {Proceedings of the IEEE},
    author = {LeCun, Yann and Bottou, LÃ©on and Bengio, Yoshua and Haffner, Patrick},
    isbn = {0018-9219},
    doi = {10.1109/5.726791},
    issn = {00189219},
    pmid = {15823584},
    arxivId = {1102.0183},
    keywords = {Convolutional neural networks, Document recognition, Finite state transducers, Gradient-based learning, Graph transformer networks, Machine learning, Neural networks, Optical character recognition (OCR)}
}

@article{Srivastava2014Dropout:Overfitting,
    title = {{Dropout: A Simple Way to Prevent Neural Networks from Overfitting}},
    year = {2014},
    journal = {Journal of Machine Learning Research},
    author = {Srivastava, Nitish and Hinton, Geoffrey and Krizhevsky, Alex and Sutskever, Ilya and Salakhutdinov, Ruslan},
    pages = {1929--1958},
    volume = {15},
    keywords = {deep learning, model combination, neural networks, regularization}
}

@article{Mavadati2013DISFA:Database,
    title = {{DISFA: A spontaneous facial action intensity database}},
    year = {2013},
    journal = {IEEE Transactions on Affective Computing},
    author = {Mavadati, S. Mohammad and Mahoor, Mohammad H. and Bartlett, Kevin and Trinh, Philip and Cohn, Jeffrey F.},
    isbn = {1949-3045},
    doi = {10.1109/T-AFFC.2013.4},
    issn = {19493045},
    keywords = {FACS, action units, facial expression, intensity, spontaneous facial behavior, video corpus}
}

@article{LuceyTheExpression,
    title = {{The Extended Cohn-Kanade Dataset (CK+): A complete dataset for action unit and emotion-specified expression}},
    author = {Lucey, Patrick and Cohn, Jeffrey F and Kanade, Takeo and Saragih, Jason and Ambadar, Zara and Matthews, Iain}
}

@article{KanadeComprehensiveAnalysis,
    title = {{Comprehensive Database for Facial Expression Analysis}},
    author = {Kanade, Takeo and Cohn, Jeffrey F and Tian, Yingli},
    url = {http://www.cs.cmu.edu/~face}
}

@article{Wang2010AInference,
    title = {{A natural visible and infrared facial expression database for expression recognition and emotion inference}},
    year = {2010},
    journal = {IEEE Transactions on Multimedia},
    author = {Wang, Shangfei and Liu, Zhilei and Lv, Siliang and Lv, Yanpeng and Wu, Guobing and Peng, Peng and Chen, Fei and Wang, Xufa},
    isbn = {1520-9210},
    doi = {10.1109/TMM.2010.2060716},
    issn = {15209210},
    keywords = {Emotion inference, expression recognition, facial expression, infrared image, spontaneous database, visible image}
}

@article{LiuSpontaneousDescriptor,
    title = {{Spontaneous Thermal Facial Expression Analysis Based On Trajectory-Pooled Fisher Vector Descriptor}},
    author = {Liu, Peng and Yin, Lijun},
    keywords = {thermal video, trajectory}
}

@article{RanganathanMultimodalArchitectures,
    title = {{Multimodal Emotion Recognition using Deep Learning Architectures}},
    author = {Ranganathan, Hiranmayi and Chakraborty, Shayok and Panchanathan, Sethuraman}
}

@article{Ruiz-GarciaStackedExpressions,
    title = {{Stacked Deep Convolutional Auto-Encoders for Emotion Recognition from Facial Expressions}},
    author = {Ruiz-Garcia, Ariel and Elshaw, Mark and Altahhan, Abdulrahman and Palade, Vasile}
}

@article{Hochreiter1997LONGMEMORY,
    title = {{LONG SHORT-TERM MEMORY}},
    year = {1997},
    journal = {Neural Computation},
    author = {Hochreiter, Sepp and Urgen Schmidhuber, Jj},
    number = {8},
    pages = {1735--1780},
    volume = {9},
    url = {http://www7.informatik.tu-muenchen.de/~hochreit http://www.idsia.ch/~juergen}
}

@article{BengioYoshuaSimardPatrice1994LearningDifficult,
    title = {{Learning Long-Term Dependencies with Gradient Descent is Difficult}},
    year = {1994},
    journal = {IEEE Transactions on Neural Networks},
    author = {Bengio Yoshua, Simard Patrice, Frasconi Paolo},
    number = {2},
    pages = {157 - 166},
    volume = {5},
    doi = {10.1109/72.279181}
}

@misc{OlahChristopher2015UnderstandingNetworks,
    title = {{Understanding LSTM Networks}},
    year = {2015},
    author = {{Olah Christopher}},
    url = {http://colah.github.io/posts/2015-08-Understanding-LSTMs/}
}

@inproceedings{Tran2015LearningNetworks,
    title = {{Learning spatiotemporal features with 3D convolutional networks}},
    year = {2015},
    booktitle = {Proceedings of the IEEE International Conference on Computer Vision},
    author = {Tran, Du and Bourdev, Lubomir and Fergus, Rob and Torresani, Lorenzo and Paluri, Manohar},
    isbn = {9781467383912},
    doi = {10.1109/ICCV.2015.510},
    issn = {15505499},
    pmid = {22392705},
    arxivId = {1412.0767}
}

@article{Ji3DRecognition,
    title = {{3D Convolutional Neural Networks for Human Action Recognition}},
    author = {Ji, Shuiwang and Xu, Wei and Yang, Ming and Yu, Kai},
    doi = {10.1109/TPAMI.2012.59},
    keywords = {3D convolution, Index TermsâDeep learning, action recognition, convolutional neural networks, model combination}
}

@article{Mcculloch1990AACTIVITY,
    title = {{A LOGICAL CALCULUS OF THE IDEAS IMMANENT IN NERVOUS ACTIVITY*}},
    year = {1990},
    journal = {Bulletin of Mothemnticnl Biology},
    author = {Mcculloch, Warren S and Pitts, Walter},
    number = {l2},
    pages = {99--115},
    volume = {52},
    url = {http://www.cs.cmu.edu/~./epxing/Class/10715/reading/McCulloch.and.Pitts.pdf}
}

@article{RosenblattTHEBRAIN,
    title = {{THE PERCEPTRON: A PROBABILISTIC MODEL FOR INFORMATION STORAGE AND ORGANIZATION IN THE BRAIN}},
    journal = {Psychological Review},
    author = {Rosenblatt, F},
    number = {6},
    pages = {19--8},
    volume = {65},
    url = {http://citeseerx.ist.psu.edu/viewdoc/download?doi=10.1.1.335.3398&rep=rep1&type=pdf}
}

@phdthesis{Werbos1974BeyondSciences,
    title = {{Beyond Regression: New Tools for Prediction and Analysis in the Behavioral Sciences}},
    year = {1974},
    booktitle = {Foundations},
    author = {Werbos, Paul},
    pmid = {215257138}
}

@misc{Rumelhart1986LearningPropagation,
    title = {{Learning Internal Representations by Error Propagation}},
    year = {1986},
    booktitle = {Parallel Distributed Processing: Explorations in the Microstructure of Cognition},
    author = {Rumelhart, David E and Hinton, Geoffrey E and Williams, R J},
    isbn = {1558600132},
    doi = {10.1016/B978-1-4832-1446-7.50035-2},
    pmid = {25246403},
    arxivId = {arXiv:1011.1669v3},
    keywords = {Adaptive systems, Learning, Learning machines, Perceptrons, and Back propagation., networks}
}

@article{Ruder2016AnAlgorithms,
    title = {{An overview of gradient descent optimization algorithms}},
    year = {2016},
    author = {Ruder, Sebastian},
    month = {9},
    url = {http://arxiv.org/abs/1609.04747},
    arxivId = {1609.04747}
}

@misc{Sutton1986TwoNetworks,
    title = {{Two problems with backpropagation and other steepest-descent learning procedures for networks}},
    year = {1986},
    booktitle = {Proc. 8th annual conf. cognitive science society},
    author = {Sutton, Richard S}
}

@article{Hu2011AdaptiveOptimization,
    title = {{Adaptive Subgradient Methods for Online Learning and Stochastic Optimization}},
    year = {2011},
    journal = {Science And Technology},
    author = {Hu, Chonghai and Kwok, James T and Pan, Weike},
    issn = {15324435}
}

@article{Zeiler2012ADADELTA:Method,
    title = {{ADADELTA: An Adaptive Learning Rate Method}},
    year = {2012},
    author = {Zeiler, Matthew D.},
    isbn = {1212.5701},
    pmid = {1212.5701v1},
    arxivId = {1212.5701}
}

@inproceedings{Kingma2015Adam:Optimization,
    title = {{Adam: A Method for Stochastic Optimization}},
    year = {2015},
    booktitle = {The 3rd International Conference for Learning Representations},
    author = {Kingma, Diederik P. and Ba, Jimmy},
    isbn = {9781450300728},
    doi = {http://doi.acm.org.ezproxy.lib.ucf.edu/10.1145/1830483.1830503},
    issn = {09252312},
    pmid = {172668},
    arxivId = {1412.6980}
}

@article{HintonNeuralDescent,
    title = {{Neural Networks for Machine Learning Lecture 6a Overview of mini-Â­âbatch gradient descent}},
    author = {Hinton, Geoffrey and Srivastava, Nitish and Swersky, Kevin},
    url = {https://www.cs.toronto.edu/~tijmen/csc321/slides/lecture_slides_lec6.pdf}
}

@misc{ArtificialApplications,
    title = {{Artificial Neural Networks {\&}amp; It's Applications}},
    url = {https://www.xenonstack.com/blog/data-science/overview-of-artificial-neural-networks-and-its-applications}
}

@article{Choromanska2015BatchShift,
    title = {{Batch Normalization: Accelerating Deep Network Training by Reducing Internal Covariate Shift}},
    year = {2015},
    journal = {Data Mining with Decision Trees},
    author = {Choromanska, Anna and Henaff, Mikael and Mathieu, Michael and Arous, GÃ©rard Ben and LeCun, Yann and Ioffe, Sergey and Szegedy, Christian and Wu, Songtao and Zhong, Shenghua and Liu, Yan and Szegedy, Christian and Reed, Scott and Sermanet, Pierre and Vanhoucke, Vincent and Rabinovich, Andrew and Simon, Marcel and Rodner, Erik and Denzler, Joachim and Redmon, Joseph and Farhadi, Ali and Ioffe, Sergey and Szegedy, Christian and Liu, Wei and Anguelov, Dragomir and Erhan, Dumitru and Szegedy, Christian and Reed, Scott and Fu, Cheng-yang and Berg, Alexander C and Ioffe, Sergey and Vanhoucke, Vincent and Alemi, Alex and Reed, Scott and Sermanet, Pierre and Vanhoucke, Vincent and Rabinovich, Andrew and Shlens, Jonathon and Wojna, Zbigniew and Iandola, Forrest N and Han, Song and Moskewicz, Matthew W and Ashraf, Khalid and Dally, William J and Keutzer, Kurt and He, Kaiming and Zhang, Xiangyu and Ren, Shaoqing and Sun, Jian and Chen, Tianqi and Guestrin, Carlos and Divvala, Santosh and Girshick, Ross and Farhadi, Ali and Szegedy, Christian and Liu, Wei and Jia, Yangqing and Sermanet, Pierre and Reed, Scott and Anguelov, Dragomir and Erhan, Dumitru and Vanhoucke, Vincent and Rabinovich, Andrew and Hill, Chapel and Arbor, Ann and Zhu, Xizhou and Xiong, Yuwen and Dai, Jifeng and Yuan, Lu and Wei, Yichen and Krizhevsky, Alex and Sutskever, Ilya and Hinton, Geoffrey E and Ren, Shaoqing and He, Kaiming and Girshick, Ross and Sun, Jian},
    isbn = {9780874216561},
    doi = {10.1007/s13398-014-0173-7.2},
    pmid = {27295650},
    arxivId = {1502.03167},
    keywords = {Convolutional neural networks, Image steganalysis, Object detection, Residual learning, convolutional neural network, deep learning, denoising auto-encoder, image denoising, large-scale machine learning, real-time object detection, region proposal}
}

@misc{SharmaVUnderstandingNetworks,
    title = {{Understanding Activation Functions in Neural Networks}},
    author = {Sharma V, Avinash},
    url = {https://medium.com/the-theory-of-everything/understanding-activation-functions-in-neural-networks-9491262884e0}
}

@inproceedings{Tran2015LearningNetworksb,
    title = {{Learning spatiotemporal features with 3D convolutional networks}},
    year = {2015},
    booktitle = {Proceedings of the IEEE International Conference on Computer Vision},
    author = {Tran, Du and Bourdev, Lubomir and Fergus, Rob and Torresani, Lorenzo and Paluri, Manohar},
    isbn = {9781467383912},
    doi = {10.1109/ICCV.2015.510},
    issn = {15505499},
    pmid = {22392705},
    arxivId = {1412.0767}
}

@inproceedings{Karpathy2014Large-scaleNetworks,
    title = {{Large-scale Video Classiï¬cation with Convolutional Neural Networks}},
    year = {2014},
    booktitle = {Large-scale Video Classiï¬cation with Convolutional Neural Networks},
    author = {Karpathy, Andrej and Toderici, George and Shetty, Sanketh and Leung, Thomas and Sukthankar, Rahul and Fei-Fei, Li}
}

@article{JiaCaffe:,
    title = {{Caffe: Convolutional Architecture for Fast Feature Embedding *}},
    author = {Jia, Yangqing and Shelhamer, Evan and Donahue, Jeff and Karayev, Sergey and Long, Jonathan and Girshick, Ross and Guadarrama, Sergio and Darrell, Trevor},
    url = {https://arxiv.org/pdf/1408.5093.pdf},
    keywords = {Computer Vision, D22 [Software Engineering], Design, Experimentation Keywords Open Source, I51 [Pattern Recognition], Machine Learning * Corresponding Authors, Neural Networks, Parallel Computation, [ApplicationsâComputer vi-sion], [Design Tools and TechniquesâSoftware libraries], [ModelsâNeural Nets] General Terms Algorithms}
}

@misc{Chollet2015Keras,
    title = {{Keras}},
    year = {2015},
    booktitle = {Github},
    author = {Chollet, FranÃ§ois and others},
    url = {https://github.com/keras-team/keras}
}

@article{Sarode2010FacialRecognition,
    title = {{Facial Expression Recognition}},
    year = {2010},
    journal = {International Journal on Computer Science and Engineering},
    author = {Sarode, Neeta and Bhatia, Shalini},
    number = {05},
    pages = {1552--1557},
    volume = {02},
    url = {https://www.researchgate.net/profile/Shalini_Bhatia/publication/49965368_Facial_Expression_Recognition/links/5472e5980cf24bc8ea19a5c0/Facial-Expression-Recognition.pdf},
    keywords = {- grayscale images, face, facial expression recognition, human - computer interaction, lip region extraction}
}

@article{LyonsCodingWavelets,
    title = {{Coding Facial Expressions with Gabor Wavelets}},
    author = {Lyons, Michael and Akamatsu, Shigeru and Kamachi, Miyuki and Gyoba, Jiro},
    url = {http://www.kasrl.org/fg98-1.pdf}
}

@article{Hubel1968ReceptiveCortex.,
    title = {{Receptive fields and functional architecture of monkey striate cortex.}},
    year = {1968},
    journal = {J. Physiol.},
    author = {Hubel, David H. and Wiesel, Torsten N.},
    issn = {0022-3751},
    pmid = {4966457},
    keywords = {Animals, Color Perception, Evoked Potentials, Haplorhini, Light, Motion Perception, Occipital Lobe, Occipital Lobe: anatomy {\&} histology, Occipital Lobe: physiology, Ocular, Ocular: physiology, Retina, Retina: physiology, Vision, Visual Fields}
}

@article{LeCun2010MNISTDatabase,
    title = {{MNIST handwritten digit database}},
    year = {2010},
    journal = {AT{\&}T Labs [Online]. Available: http://yann. lecun. com/exdb/mnist},
    author = {LeCun, Yann and Cortes, Corinna}
}

@article{Krizhevsky2009LearningImages,
    title = {{Learning Multiple Layers of Features from Tiny Images}},
    year = {2009},
    author = {Krizhevsky, Alex},
    url = {http://www.cs.toronto.edu/~kriz/learning-features-2009-TR.pdf}
}

@misc{ABlog,
    title = {{A Quick Introduction to Neural Networks â the data science blog}},
    url = {https://ujjwalkarn.me/2016/08/09/quick-intro-neural-networks/}
}

@misc{LossChanghau,
    title = {{Loss Functions in Artificial Neural Networks | Isaac Changhau}},
    url = {https://isaacchanghau.github.io/2017/06/07/Loss-Functions-in-Artificial-Neural-Networks/}
}

@book{Goodfellow.Ian2016DeepLearning,
    title = {{Deep Learning}},
    year = {2016},
    author = {{Goodfellow. Ian} and Bengio, Yoshua and Courville, Aaron},
    publisher = {MIT Press},
    url = {http://www.deeplearningbook.org/}
}

@article{Hastie2009ElementsLearning,
    title = {{Elements of Statistical Learning}},
    year = {2009},
    journal = {Elements},
    author = {Hastie, Trevor and Tibshirani, Robert and Friedman, Jerome},
    isbn = {9780387848570},
    doi = {10.1007/978-0-387-84858-7},
    issn = {01727397},
    pmid = {12377617}
}

@article{HastieSpringerLearning,
    title = {{Springer Series in Statistics The Elements of Statistical Learning The Elements of Statistical Learning}},
    author = {Hastie, Trevor and Tibshirani, Robert and Friedman, Jerome},
    url = {https://web.stanford.edu/~hastie/Papers/ESLII.pdf}
}

@book{Witten2011DataTechniques,
    title = {{Data Mining: Practical Machine Learning Tools and Techniques}},
    year = {2011},
    author = {Witten, Ian H. and Frank, Eibe and A. Hall, Mark},
    edition = {3rd},
    publisher = {Morgan Kaufmann Publishers Inc.},
    isbn = {0123748569, 9780123748560}
}